\usepackage{url}

%% Define a new 'leo' style for the package that will use a smaller font.
\makeatletter
\def\url@leostyle{%
  \@ifundefined{selectfont}{\def\UrlFont{\sf}}{\def\UrlFont{\small\ttfamily}}}
\makeatother

@ARTICLE{Arulampalam01atutorial,
    author = {Sanjeev Arulampalam and Simon Maskell and Neil Gordon and Tim Clapp},
    title = {A Tutorial on Particle Filters for On-line Non-linear/Non-Gaussian Bayesian Tracking},
    journal = {IEEE Transactions on Signal Processing},
    year = {2001},
    volume = {50},
    pages = {174--188}
}

@misc{fd,
Author = {Sreekar Krishna},
	Date-Modified = {21 May 2008},
	Publisher = {Mathworks},
	Title = {Open CV Viola-Jones Face Detection in Matlab},
	note = {\urlstyle{leo}http://www.mathworks.com/matlabcentral/fileexchange/19912}}}


